<?xml version="1.0" encoding="UTF-8"?><record xmlns="http://www.loc.gov/MARC21/slim" xmlns:cinclude="http://apache.org/cocoon/include/1.0" xmlns:zs="http://www.loc.gov/zing/srw/">
  <leader>00464nz  a2200145n  4500</leader>
  <controlfield tag="001">no2003119864</controlfield>
  <controlfield tag="003">DLC</controlfield>
  <controlfield tag="005">20031127071024.0</controlfield>
  <controlfield tag="008">031126n| acannaab           |a aaa     c</controlfield>
  <datafield tag="010" ind1=" " ind2=" ">
    <subfield code="a">no2003119864</subfield>
  </datafield>
  <datafield tag="035" ind1=" " ind2=" ">
    <subfield code="a">(OCoLC)oca06214692</subfield>
  </datafield>
  <datafield tag="040" ind1=" " ind2=" ">
    <subfield code="a">MH-L</subfield>
    <subfield code="b">eng</subfield>
    <subfield code="c">MH-L</subfield>
  </datafield>
  <datafield tag="100" ind1="1" ind2=" ">
    <subfield code="a">Schmidt-Werthern, Konrad</subfield>
  </datafield>
  <datafield tag="400" ind1="1" ind2=" ">
    <subfield code="a">Werthern, Konrad Schmidt-</subfield>
  </datafield>
  <datafield tag="670" ind1=" " ind2=" ">
    <subfield code="a">Die Richtlinie uĚber das Folgerecht des Urhebers des Originals eines Kunstwerks, 2003:</subfield>
    <subfield code="b">t.p. (Konrad Schmidt-Werthern)</subfield>
  </datafield>
</record>